% Encoding: UTF-8
@book{van2019aan,
  title={Aan de slag met Scrum: Scrum in ICT-projecten},
  author={van Randen, H.J.},
  isbn={9789024403998},
  url={https://books.google.nl/books?id=RW06zQEACAAJ},
  year={2019},
  publisher={Boom}
}@book{williams2014make,
  title={Make: AVR Programming},
  author={Williams, E.},
  isbn={9781449355784},
  lccn={2015451217},
  year={2014},
  publisher={Maker Media}
}

@Book{Elling2019,
  author    = {Elling, Rien and Andeweg, Bas and de Jong, Jaap and Swankhuisen, Christine},
  publisher = {Wolters-Noordhoff},
  title     = {Rapportagetechniek Schrijven voor lezers met weinig tijd},
  year      = {2019},
}

@Misc{microbitschematicV2,
  howpublished = {\url{https://github.com/microbit-foundation/microbit-v2-hardware/blob/main/V2/MicroBit_V2.0.0_S_schematic.PDF}},
  note         = {(Date last accessed 27-July-2021)},
  title        = {Schematic BBC mirobit},
  year         = {2021},
  owner        = {microbit-foundation},
  url          = {https://github.com/microbit-foundation/microbit-v2-hardware/blob/main/V2/MicroBit_V2.0.0_S_schematic.PDF},
  urldate      = {2021-07-27},
}

@Misc{microbitAccel,
  howpublished = {https://microbit-challenges.readthedocs.io/en/latest/tutorials/accelerometer.html},
  note         = {(Date last accessed 7-August-2021)},
  title        = {Move Accelormeter BBC:microbit},
  year         = {2021},
  owner        = {microbit-foundation},
  url          = {https://microbit-challenges.readthedocs.io/en/latest/tutorials/accelerometer.html},
  urldate      = {2021-08-7},
}

@Comment{jabref-meta: databaseType:bibtex;}
